<?xml version="1.0" encoding="UTF-8"?><collection xmlns="http://www.loc.gov/MARC21/slim"><record><leader>00499nam--2200181-i-4500</leader><controlfield tag="001">000003384</controlfield><controlfield tag="002">20161230</controlfield><controlfield tag="005">20161230201025</controlfield><controlfield tag="008">060222s1000------------r-----000-0-GER-d</controlfield><datafield ind1=" " ind2=" " tag="040"><subfield code="a">IFIN-HH</subfield></datafield><datafield ind1=" " ind2=" " tag="041"><subfield code="a">GER</subfield></datafield><datafield ind1=" " ind2=" " tag="080"><subfield code="a">531.2</subfield></datafield><datafield ind1="1" ind2=" " tag="100"><subfield code="a">Blasius, Heinrich</subfield></datafield><datafield ind1="1" ind2="0" tag="245"><subfield code="a">Mechanik. physicalische grundlagen von technis chan standpunkt. 4-te auflage. teil i statik</subfield><subfield code="c">Heinrich blasius</subfield></datafield><datafield ind1=" " ind2=" " tag="260"><subfield code="a">Hamburg, Boysen, 1948</subfield></datafield><datafield ind1=" " ind2=" " tag="300"><subfield code="a">247 P</subfield></datafield><datafield ind1=" " ind2=" " tag="852"><subfield code="a">3599</subfield><subfield code="c">531</subfield></datafield><datafield ind1=" " ind2=" " tag="CAT"><subfield code="a">Sys</subfield><subfield code="c">20100513</subfield><subfield code="h">132509</subfield></datafield></record></collection>